%YAML 1.1
%TAG !u! tag:unity3d.com,2011:
--- !u!29 &1
OcclusionCullingSettings:
  m_ObjectHideFlags: 0
  serializedVersion: 2
  m_OcclusionBakeSettings:
    smallestOccluder: 5
    smallestHole: 0.25
    backfaceThreshold: 100
  m_SceneGUID: 00000000000000000000000000000000
  m_OcclusionCullingData: {fileID: 0}
--- !u!104 &2
RenderSettings:
  m_ObjectHideFlags: 0
  serializedVersion: 8
  m_Fog: 0
  m_FogColor: {r: 0.5, g: 0.5, b: 0.5, a: 1}
  m_FogMode: 3
  m_FogDensity: 0.01
  m_LinearFogStart: 0
  m_LinearFogEnd: 300
  m_AmbientSkyColor: {r: 0.212, g: 0.227, b: 0.259, a: 1}
  m_AmbientEquatorColor: {r: 0.114, g: 0.125, b: 0.133, a: 1}
  m_AmbientGroundColor: {r: 0.047, g: 0.043, b: 0.035, a: 1}
  m_AmbientIntensity: 1
  m_AmbientMode: 0
  m_SubtractiveShadowColor: {r: 0.42, g: 0.478, b: 0.627, a: 1}
  m_SkyboxMaterial: {fileID: 10304, guid: 0000000000000000f000000000000000, type: 0}
  m_HaloStrength: 0.5
  m_FlareStrength: 1
  m_FlareFadeSpeed: 3
  m_HaloTexture: {fileID: 0}
  m_SpotCookie: {fileID: 10001, guid: 0000000000000000e000000000000000, type: 0}
  m_DefaultReflectionMode: 0
  m_DefaultReflectionResolution: 128
  m_ReflectionBounces: 1
  m_ReflectionIntensity: 1
  m_CustomReflection: {fileID: 0}
  m_Sun: {fileID: 0}
  m_IndirectSpecularColor: {r: 0, g: 0, b: 0, a: 1}
--- !u!157 &3
LightmapSettings:
  m_ObjectHideFlags: 0
  serializedVersion: 11
  m_GIWorkflowMode: 0
  m_GISettings:
    serializedVersion: 2
    m_BounceScale: 1
    m_IndirectOutputScale: 1
    m_AlbedoBoost: 1
    m_TemporalCoherenceThreshold: 1
    m_EnvironmentLightingMode: 0
    m_EnableBakedLightmaps: 1
    m_EnableRealtimeLightmaps: 1
  m_LightmapEditorSettings:
    serializedVersion: 9
    m_Resolution: 2
    m_BakeResolution: 40
    m_TextureWidth: 1024
    m_TextureHeight: 1024
    m_AO: 0
    m_AOMaxDistance: 1
    m_CompAOExponent: 0
    m_CompAOExponentDirect: 0
    m_Padding: 2
    m_LightmapParameters: {fileID: 0}
    m_LightmapsBakeMode: 1
    m_TextureCompression: 1
    m_FinalGather: 0
    m_FinalGatherFiltering: 1
    m_FinalGatherRayCount: 1024
    m_ReflectionCompression: 2
    m_MixedBakeMode: 1
    m_BakeBackend: 0
    m_PVRSampling: 1
    m_PVRDirectSampleCount: 32
    m_PVRSampleCount: 500
    m_PVRBounces: 2
    m_PVRFilterTypeDirect: 0
    m_PVRFilterTypeIndirect: 0
    m_PVRFilterTypeAO: 0
    m_PVRFilteringMode: 0
    m_PVRCulling: 1
    m_PVRFilteringGaussRadiusDirect: 1
    m_PVRFilteringGaussRadiusIndirect: 5
    m_PVRFilteringGaussRadiusAO: 2
    m_PVRFilteringAtrousPositionSigmaDirect: 0.5
    m_PVRFilteringAtrousPositionSigmaIndirect: 2
    m_PVRFilteringAtrousPositionSigmaAO: 1
    m_ShowResolutionOverlay: 1
  m_LightingDataAsset: {fileID: 0}
  m_UseShadowmask: 0
--- !u!196 &4
NavMeshSettings:
  serializedVersion: 2
  m_ObjectHideFlags: 0
  m_BuildSettings:
    serializedVersion: 2
    agentTypeID: 0
    agentRadius: 0.5
    agentHeight: 2
    agentSlope: 45
    agentClimb: 0.4
    ledgeDropHeight: 0
    maxJumpAcrossDistance: 0
    minRegionArea: 2
    manualCellSize: 0
    cellSize: 0.16666667
    manualTileSize: 0
    tileSize: 256
    accuratePlacement: 0
    debug:
      m_Flags: 0
  m_NavMeshData: {fileID: 0}
--- !u!1 &122545865
GameObject:
  m_ObjectHideFlags: 0
  m_PrefabParentObject: {fileID: 144828, guid: a75ac80c4e08acc479d51714706e0058, type: 2}
  m_PrefabInternal: {fileID: 1185206496}
  serializedVersion: 5
  m_Component:
  - component: {fileID: 122545866}
  - component: {fileID: 122545870}
  - component: {fileID: 122545869}
  - component: {fileID: 122545868}
  - component: {fileID: 122545867}
  m_Layer: 5
  m_Name: IconBg
  m_TagString: Untagged
  m_Icon: {fileID: 0}
  m_NavMeshLayer: 0
  m_StaticEditorFlags: 0
  m_IsActive: 1
--- !u!224 &122545866
RectTransform:
  m_ObjectHideFlags: 0
  m_PrefabParentObject: {fileID: 22482950, guid: a75ac80c4e08acc479d51714706e0058,
    type: 2}
  m_PrefabInternal: {fileID: 1185206496}
  m_GameObject: {fileID: 122545865}
  m_LocalRotation: {x: 0, y: 0, z: 0, w: 1}
  m_LocalPosition: {x: 0, y: 0, z: 0}
  m_LocalScale: {x: 1, y: 1, z: 1}
  m_Children:
  - {fileID: 1708096189}
  m_Father: {fileID: 1880189512}
  m_RootOrder: 3
  m_LocalEulerAnglesHint: {x: 0, y: 0, z: 0}
  m_AnchorMin: {x: 0.5, y: 0.5}
  m_AnchorMax: {x: 0.5, y: 0.5}
  m_AnchoredPosition: {x: 0, y: 0}
  m_SizeDelta: {x: 300, y: 300}
  m_Pivot: {x: 0.5, y: 0.5}
--- !u!225 &122545867
CanvasGroup:
  m_ObjectHideFlags: 0
  m_PrefabParentObject: {fileID: 22592936, guid: a75ac80c4e08acc479d51714706e0058,
    type: 2}
  m_PrefabInternal: {fileID: 1185206496}
  m_GameObject: {fileID: 122545865}
  m_Enabled: 1
  m_Alpha: 1
  m_Interactable: 0
  m_BlocksRaycasts: 0
  m_IgnoreParentGroups: 0
--- !u!114 &122545868
MonoBehaviour:
  m_ObjectHideFlags: 0
  m_PrefabParentObject: {fileID: 11412274, guid: a75ac80c4e08acc479d51714706e0058,
    type: 2}
  m_PrefabInternal: {fileID: 1185206496}
  m_GameObject: {fileID: 122545865}
  m_Enabled: 1
  m_EditorHideFlags: 0
  m_Script: {fileID: -900027084, guid: f5f67c52d1564df4a8936ccd202a3bd8, type: 3}
  m_Name: 
  m_EditorClassIdentifier: 
  m_EffectColor: {r: 0.69803923, g: 0.13333334, b: 0.47450984, a: 1}
  m_EffectDistance: {x: 2, y: -2}
  m_UseGraphicAlpha: 1
--- !u!114 &122545869
MonoBehaviour:
  m_ObjectHideFlags: 0
  m_PrefabParentObject: {fileID: 11417174, guid: a75ac80c4e08acc479d51714706e0058,
    type: 2}
  m_PrefabInternal: {fileID: 1185206496}
  m_GameObject: {fileID: 122545865}
  m_Enabled: 1
  m_EditorHideFlags: 0
  m_Script: {fileID: -765806418, guid: f5f67c52d1564df4a8936ccd202a3bd8, type: 3}
  m_Name: 
  m_EditorClassIdentifier: 
  m_Material: {fileID: 0}
  m_Color: {r: 1, g: 1, b: 1, a: 1}
  m_RaycastTarget: 1
  m_OnCullStateChanged:
    m_PersistentCalls:
      m_Calls: []
    m_TypeName: UnityEngine.UI.MaskableGraphic+CullStateChangedEvent, UnityEngine.UI,
      Version=1.0.0.0, Culture=neutral, PublicKeyToken=null
  m_Sprite: {fileID: 21300000, guid: 38f68586dd3a39342b976f4b0404d142, type: 3}
  m_Type: 0
  m_PreserveAspect: 0
  m_FillCenter: 1
  m_FillMethod: 4
  m_FillAmount: 1
  m_FillClockwise: 1
  m_FillOrigin: 0
--- !u!222 &122545870
CanvasRenderer:
  m_ObjectHideFlags: 0
  m_PrefabParentObject: {fileID: 22254470, guid: a75ac80c4e08acc479d51714706e0058,
    type: 2}
  m_PrefabInternal: {fileID: 1185206496}
  m_GameObject: {fileID: 122545865}
--- !u!1 &213133450
GameObject:
  m_ObjectHideFlags: 0
  m_PrefabParentObject: {fileID: 131598, guid: a75ac80c4e08acc479d51714706e0058, type: 2}
  m_PrefabInternal: {fileID: 1185206496}
  serializedVersion: 5
  m_Component:
  - component: {fileID: 213133453}
  - component: {fileID: 213133452}
  - component: {fileID: 213133451}
  m_Layer: 5
  m_Name: Panel
  m_TagString: Untagged
  m_Icon: {fileID: 0}
  m_NavMeshLayer: 0
  m_StaticEditorFlags: 0
  m_IsActive: 1
--- !u!114 &213133451
MonoBehaviour:
  m_ObjectHideFlags: 0
  m_PrefabParentObject: {fileID: 11423768, guid: a75ac80c4e08acc479d51714706e0058,
    type: 2}
  m_PrefabInternal: {fileID: 1185206496}
  m_GameObject: {fileID: 213133450}
  m_Enabled: 1
  m_EditorHideFlags: 0
  m_Script: {fileID: -765806418, guid: f5f67c52d1564df4a8936ccd202a3bd8, type: 3}
  m_Name: 
  m_EditorClassIdentifier: 
  m_Material: {fileID: 0}
  m_Color: {r: 1, g: 0.43448275, b: 0, a: 1}
  m_RaycastTarget: 1
  m_OnCullStateChanged:
    m_PersistentCalls:
      m_Calls: []
    m_TypeName: UnityEngine.UI.MaskableGraphic+CullStateChangedEvent, UnityEngine.UI,
      Version=1.0.0.0, Culture=neutral, PublicKeyToken=null
  m_Sprite: {fileID: 21300000, guid: 96b7f818fea5e9e4f84737655ff42d39, type: 3}
  m_Type: 0
  m_PreserveAspect: 0
  m_FillCenter: 1
  m_FillMethod: 4
  m_FillAmount: 1
  m_FillClockwise: 1
  m_FillOrigin: 0
--- !u!222 &213133452
CanvasRenderer:
  m_ObjectHideFlags: 0
  m_PrefabParentObject: {fileID: 22292392, guid: a75ac80c4e08acc479d51714706e0058,
    type: 2}
  m_PrefabInternal: {fileID: 1185206496}
  m_GameObject: {fileID: 213133450}
--- !u!224 &213133453
RectTransform:
  m_ObjectHideFlags: 0
  m_PrefabParentObject: {fileID: 22449512, guid: a75ac80c4e08acc479d51714706e0058,
    type: 2}
  m_PrefabInternal: {fileID: 1185206496}
  m_GameObject: {fileID: 213133450}
  m_LocalRotation: {x: 0, y: 0, z: 0, w: 1}
  m_LocalPosition: {x: 0, y: 0, z: 0}
  m_LocalScale: {x: 1, y: 1, z: 1}
  m_Children: []
  m_Father: {fileID: 1880189512}
  m_RootOrder: 0
  m_LocalEulerAnglesHint: {x: 0, y: 0, z: 0}
  m_AnchorMin: {x: 0.5, y: 0.5}
  m_AnchorMax: {x: 0.5, y: 0.5}
  m_AnchoredPosition: {x: 0, y: 0}
  m_SizeDelta: {x: 1465, y: 1465}
  m_Pivot: {x: 0.5, y: 0.5}
--- !u!1 &411057667
GameObject:
  m_ObjectHideFlags: 0
  m_PrefabParentObject: {fileID: 194958, guid: a75ac80c4e08acc479d51714706e0058, type: 2}
  m_PrefabInternal: {fileID: 1185206496}
  serializedVersion: 5
  m_Component:
  - component: {fileID: 411057670}
  - component: {fileID: 411057669}
  - component: {fileID: 411057668}
  m_Layer: 5
  m_Name: progressText
  m_TagString: Untagged
  m_Icon: {fileID: 0}
  m_NavMeshLayer: 0
  m_StaticEditorFlags: 0
  m_IsActive: 1
--- !u!114 &411057668
MonoBehaviour:
  m_ObjectHideFlags: 0
  m_PrefabParentObject: {fileID: 11421692, guid: a75ac80c4e08acc479d51714706e0058,
    type: 2}
  m_PrefabInternal: {fileID: 1185206496}
  m_GameObject: {fileID: 411057667}
  m_Enabled: 1
  m_EditorHideFlags: 0
  m_Script: {fileID: 708705254, guid: f5f67c52d1564df4a8936ccd202a3bd8, type: 3}
  m_Name: 
  m_EditorClassIdentifier: 
  m_Material: {fileID: 0}
  m_Color: {r: 1, g: 1, b: 1, a: 1}
  m_RaycastTarget: 1
  m_OnCullStateChanged:
    m_PersistentCalls:
      m_Calls: []
    m_TypeName: UnityEngine.UI.MaskableGraphic+CullStateChangedEvent, UnityEngine.UI,
      Version=1.0.0.0, Culture=neutral, PublicKeyToken=null
  m_FontData:
    m_Font: {fileID: 10102, guid: 0000000000000000e000000000000000, type: 0}
    m_FontSize: 35
    m_FontStyle: 0
    m_BestFit: 0
    m_MinSize: 3
    m_MaxSize: 50
    m_Alignment: 5
    m_AlignByGeometry: 0
    m_RichText: 1
    m_HorizontalOverflow: 0
    m_VerticalOverflow: 0
    m_LineSpacing: 1
  m_Text: 0%
--- !u!222 &411057669
CanvasRenderer:
  m_ObjectHideFlags: 0
  m_PrefabParentObject: {fileID: 22217138, guid: a75ac80c4e08acc479d51714706e0058,
    type: 2}
  m_PrefabInternal: {fileID: 1185206496}
  m_GameObject: {fileID: 411057667}
--- !u!224 &411057670
RectTransform:
  m_ObjectHideFlags: 0
  m_PrefabParentObject: {fileID: 22425182, guid: a75ac80c4e08acc479d51714706e0058,
    type: 2}
  m_PrefabInternal: {fileID: 1185206496}
  m_GameObject: {fileID: 411057667}
  m_LocalRotation: {x: 0, y: 0, z: 0, w: 1}
  m_LocalPosition: {x: 0, y: 0, z: 0}
  m_LocalScale: {x: 1, y: 1, z: 1}
  m_Children: []
  m_Father: {fileID: 1315279037}
  m_RootOrder: 0
  m_LocalEulerAnglesHint: {x: 0, y: 0, z: 0}
  m_AnchorMin: {x: 1, y: 0}
  m_AnchorMax: {x: 1, y: 0}
  m_AnchoredPosition: {x: -90, y: 50}
  m_SizeDelta: {x: 160, y: 50}
  m_Pivot: {x: 0.5, y: 0.5}
--- !u!1 &1001737146
GameObject:
  m_ObjectHideFlags: 0
  m_PrefabParentObject: {fileID: 189870, guid: a75ac80c4e08acc479d51714706e0058, type: 2}
  m_PrefabInternal: {fileID: 1185206496}
  serializedVersion: 5
  m_Component:
  - component: {fileID: 1001737149}
  - component: {fileID: 1001737148}
  - component: {fileID: 1001737147}
  m_Layer: 5
  m_Name: Title
  m_TagString: Untagged
  m_Icon: {fileID: 0}
  m_NavMeshLayer: 0
  m_StaticEditorFlags: 0
  m_IsActive: 1
--- !u!114 &1001737147
MonoBehaviour:
  m_ObjectHideFlags: 0
  m_PrefabParentObject: {fileID: 11469772, guid: a75ac80c4e08acc479d51714706e0058,
    type: 2}
  m_PrefabInternal: {fileID: 1185206496}
  m_GameObject: {fileID: 1001737146}
  m_Enabled: 1
  m_EditorHideFlags: 0
  m_Script: {fileID: 708705254, guid: f5f67c52d1564df4a8936ccd202a3bd8, type: 3}
  m_Name: 
  m_EditorClassIdentifier: 
  m_Material: {fileID: 0}
  m_Color: {r: 1, g: 1, b: 1, a: 1}
  m_RaycastTarget: 1
  m_OnCullStateChanged:
    m_PersistentCalls:
      m_Calls: []
    m_TypeName: UnityEngine.UI.MaskableGraphic+CullStateChangedEvent, UnityEngine.UI,
      Version=1.0.0.0, Culture=neutral, PublicKeyToken=null
  m_FontData:
    m_Font: {fileID: 10102, guid: 0000000000000000e000000000000000, type: 0}
    m_FontSize: 50
    m_FontStyle: 0
    m_BestFit: 0
    m_MinSize: 3
    m_MaxSize: 50
    m_Alignment: 4
    m_AlignByGeometry: 0
    m_RichText: 1
    m_HorizontalOverflow: 0
    m_VerticalOverflow: 0
    m_LineSpacing: 1
  m_Text: 'Amazing Splash

    Screen'
--- !u!222 &1001737148
CanvasRenderer:
  m_ObjectHideFlags: 0
  m_PrefabParentObject: {fileID: 22227774, guid: a75ac80c4e08acc479d51714706e0058,
    type: 2}
  m_PrefabInternal: {fileID: 1185206496}
  m_GameObject: {fileID: 1001737146}
--- !u!224 &1001737149
RectTransform:
  m_ObjectHideFlags: 0
  m_PrefabParentObject: {fileID: 22420866, guid: a75ac80c4e08acc479d51714706e0058,
    type: 2}
  m_PrefabInternal: {fileID: 1185206496}
  m_GameObject: {fileID: 1001737146}
  m_LocalRotation: {x: 0, y: 0, z: 0, w: 1}
  m_LocalPosition: {x: 0, y: 0, z: 0}
  m_LocalScale: {x: 1, y: 1, z: 1}
  m_Children: []
  m_Father: {fileID: 1880189512}
  m_RootOrder: 2
  m_LocalEulerAnglesHint: {x: 0, y: 0, z: 0}
  m_AnchorMin: {x: 0.5, y: 0.5}
  m_AnchorMax: {x: 0.5, y: 0.5}
  m_AnchoredPosition: {x: -0.000015258789, y: -876}
  m_SizeDelta: {x: 400, y: 213}
  m_Pivot: {x: 0.5, y: 0.5}
--- !u!1 &1182115735
GameObject:
  m_ObjectHideFlags: 0
  m_PrefabParentObject: {fileID: 125968, guid: a75ac80c4e08acc479d51714706e0058, type: 2}
  m_PrefabInternal: {fileID: 1185206496}
  serializedVersion: 5
  m_Component:
  - component: {fileID: 1182115736}
  - component: {fileID: 1182115739}
  - component: {fileID: 1182115738}
  - component: {fileID: 1182115737}
  m_Layer: 5
  m_Name: IconBg2
  m_TagString: Untagged
  m_Icon: {fileID: 0}
  m_NavMeshLayer: 0
  m_StaticEditorFlags: 0
  m_IsActive: 0
--- !u!224 &1182115736
RectTransform:
  m_ObjectHideFlags: 0
  m_PrefabParentObject: {fileID: 22498994, guid: a75ac80c4e08acc479d51714706e0058,
    type: 2}
  m_PrefabInternal: {fileID: 1185206496}
  m_GameObject: {fileID: 1182115735}
  m_LocalRotation: {x: 0, y: 0, z: 0, w: 1}
  m_LocalPosition: {x: 0, y: 0, z: 0}
  m_LocalScale: {x: 1, y: 1, z: 1}
  m_Children:
  - {fileID: 1595730514}
  m_Father: {fileID: 1880189512}
  m_RootOrder: 4
  m_LocalEulerAnglesHint: {x: 0, y: 0, z: 0}
  m_AnchorMin: {x: 0.5, y: 0.5}
  m_AnchorMax: {x: 0.5, y: 0.5}
  m_AnchoredPosition: {x: -0.000015258789, y: 0.000030517578}
  m_SizeDelta: {x: 300, y: 300}
  m_Pivot: {x: 0.5, y: 0.5}
--- !u!225 &1182115737
CanvasGroup:
  m_ObjectHideFlags: 0
  m_PrefabParentObject: {fileID: 22596076, guid: a75ac80c4e08acc479d51714706e0058,
    type: 2}
  m_PrefabInternal: {fileID: 1185206496}
  m_GameObject: {fileID: 1182115735}
  m_Enabled: 1
  m_Alpha: 1
  m_Interactable: 0
  m_BlocksRaycasts: 0
  m_IgnoreParentGroups: 0
--- !u!114 &1182115738
MonoBehaviour:
  m_ObjectHideFlags: 0
  m_PrefabParentObject: {fileID: 11414132, guid: a75ac80c4e08acc479d51714706e0058,
    type: 2}
  m_PrefabInternal: {fileID: 1185206496}
  m_GameObject: {fileID: 1182115735}
  m_Enabled: 1
  m_EditorHideFlags: 0
  m_Script: {fileID: -765806418, guid: f5f67c52d1564df4a8936ccd202a3bd8, type: 3}
  m_Name: 
  m_EditorClassIdentifier: 
  m_Material: {fileID: 0}
  m_Color: {r: 1, g: 1, b: 1, a: 1}
  m_RaycastTarget: 1
  m_OnCullStateChanged:
    m_PersistentCalls:
      m_Calls: []
    m_TypeName: UnityEngine.UI.MaskableGraphic+CullStateChangedEvent, UnityEngine.UI,
      Version=1.0.0.0, Culture=neutral, PublicKeyToken=null
  m_Sprite: {fileID: 21300000, guid: 2b929030ed376cd449cd7328ee4abdee, type: 3}
  m_Type: 0
  m_PreserveAspect: 1
  m_FillCenter: 1
  m_FillMethod: 4
  m_FillAmount: 1
  m_FillClockwise: 1
  m_FillOrigin: 0
--- !u!222 &1182115739
CanvasRenderer:
  m_ObjectHideFlags: 0
  m_PrefabParentObject: {fileID: 22299752, guid: a75ac80c4e08acc479d51714706e0058,
    type: 2}
  m_PrefabInternal: {fileID: 1185206496}
  m_GameObject: {fileID: 1182115735}
--- !u!1001 &1185206496
Prefab:
  m_ObjectHideFlags: 0
  serializedVersion: 2
  m_Modification:
    m_TransformParent: {fileID: 0}
    m_Modifications:
    - target: {fileID: 22417864, guid: a75ac80c4e08acc479d51714706e0058, type: 2}
      propertyPath: m_LocalPosition.x
      value: 0
      objectReference: {fileID: 0}
    - target: {fileID: 22417864, guid: a75ac80c4e08acc479d51714706e0058, type: 2}
      propertyPath: m_LocalPosition.y
      value: 0
      objectReference: {fileID: 0}
    - target: {fileID: 22417864, guid: a75ac80c4e08acc479d51714706e0058, type: 2}
      propertyPath: m_LocalPosition.z
      value: 0
      objectReference: {fileID: 0}
    - target: {fileID: 22417864, guid: a75ac80c4e08acc479d51714706e0058, type: 2}
      propertyPath: m_LocalRotation.x
      value: 0
      objectReference: {fileID: 0}
    - target: {fileID: 22417864, guid: a75ac80c4e08acc479d51714706e0058, type: 2}
      propertyPath: m_LocalRotation.y
      value: 0
      objectReference: {fileID: 0}
    - target: {fileID: 22417864, guid: a75ac80c4e08acc479d51714706e0058, type: 2}
      propertyPath: m_LocalRotation.z
      value: 0
      objectReference: {fileID: 0}
    - target: {fileID: 22417864, guid: a75ac80c4e08acc479d51714706e0058, type: 2}
      propertyPath: m_LocalRotation.w
      value: 1
      objectReference: {fileID: 0}
    - target: {fileID: 22417864, guid: a75ac80c4e08acc479d51714706e0058, type: 2}
      propertyPath: m_RootOrder
      value: 1
      objectReference: {fileID: 0}
    - target: {fileID: 22417864, guid: a75ac80c4e08acc479d51714706e0058, type: 2}
      propertyPath: m_AnchoredPosition.x
      value: 0
      objectReference: {fileID: 0}
    - target: {fileID: 22417864, guid: a75ac80c4e08acc479d51714706e0058, type: 2}
      propertyPath: m_AnchoredPosition.y
      value: 0
      objectReference: {fileID: 0}
    - target: {fileID: 22417864, guid: a75ac80c4e08acc479d51714706e0058, type: 2}
      propertyPath: m_SizeDelta.x
      value: 0
      objectReference: {fileID: 0}
    - target: {fileID: 22417864, guid: a75ac80c4e08acc479d51714706e0058, type: 2}
      propertyPath: m_SizeDelta.y
      value: 0
      objectReference: {fileID: 0}
    - target: {fileID: 22417864, guid: a75ac80c4e08acc479d51714706e0058, type: 2}
      propertyPath: m_AnchorMin.x
      value: 0
      objectReference: {fileID: 0}
    - target: {fileID: 22417864, guid: a75ac80c4e08acc479d51714706e0058, type: 2}
      propertyPath: m_AnchorMin.y
      value: 0
      objectReference: {fileID: 0}
    - target: {fileID: 22417864, guid: a75ac80c4e08acc479d51714706e0058, type: 2}
      propertyPath: m_AnchorMax.x
      value: 0
      objectReference: {fileID: 0}
    - target: {fileID: 22417864, guid: a75ac80c4e08acc479d51714706e0058, type: 2}
      propertyPath: m_AnchorMax.y
      value: 0
      objectReference: {fileID: 0}
    - target: {fileID: 22417864, guid: a75ac80c4e08acc479d51714706e0058, type: 2}
      propertyPath: m_Pivot.x
      value: 0
      objectReference: {fileID: 0}
    - target: {fileID: 22417864, guid: a75ac80c4e08acc479d51714706e0058, type: 2}
      propertyPath: m_Pivot.y
      value: 0
      objectReference: {fileID: 0}
    - target: {fileID: 11490498, guid: a75ac80c4e08acc479d51714706e0058, type: 2}
      propertyPath: animID
      value: 1
      objectReference: {fileID: 0}
    - target: {fileID: 11490498, guid: a75ac80c4e08acc479d51714706e0058, type: 2}
      propertyPath: bgColor.r
      value: 0
      objectReference: {fileID: 0}
    - target: {fileID: 11490498, guid: a75ac80c4e08acc479d51714706e0058, type: 2}
      propertyPath: bgColor.g
      value: 0.8758622
      objectReference: {fileID: 0}
    - target: {fileID: 11490498, guid: a75ac80c4e08acc479d51714706e0058, type: 2}
      propertyPath: bgColor.b
      value: 1
      objectReference: {fileID: 0}
    - target: {fileID: 11490498, guid: a75ac80c4e08acc479d51714706e0058, type: 2}
      propertyPath: bgColor.a
      value: 1
      objectReference: {fileID: 0}
    - target: {fileID: 11469772, guid: a75ac80c4e08acc479d51714706e0058, type: 2}
      propertyPath: m_Color.r
      value: 1
      objectReference: {fileID: 0}
    - target: {fileID: 11469772, guid: a75ac80c4e08acc479d51714706e0058, type: 2}
      propertyPath: m_Color.g
      value: 1
      objectReference: {fileID: 0}
    - target: {fileID: 11469772, guid: a75ac80c4e08acc479d51714706e0058, type: 2}
      propertyPath: m_Color.b
      value: 1
      objectReference: {fileID: 0}
    - target: {fileID: 11421692, guid: a75ac80c4e08acc479d51714706e0058, type: 2}
      propertyPath: m_Color.r
      value: 1
      objectReference: {fileID: 0}
    - target: {fileID: 11421692, guid: a75ac80c4e08acc479d51714706e0058, type: 2}
      propertyPath: m_Color.g
      value: 1
      objectReference: {fileID: 0}
    - target: {fileID: 11421692, guid: a75ac80c4e08acc479d51714706e0058, type: 2}
      propertyPath: m_Color.b
      value: 1
      objectReference: {fileID: 0}
    - target: {fileID: 11421692, guid: a75ac80c4e08acc479d51714706e0058, type: 2}
      propertyPath: m_Text
      value: 0%
      objectReference: {fileID: 0}
    - target: {fileID: 11423768, guid: a75ac80c4e08acc479d51714706e0058, type: 2}
      propertyPath: m_Color.r
      value: 1
      objectReference: {fileID: 0}
    - target: {fileID: 11423768, guid: a75ac80c4e08acc479d51714706e0058, type: 2}
      propertyPath: m_Color.g
      value: 0.43448275
      objectReference: {fileID: 0}
    - target: {fileID: 11423768, guid: a75ac80c4e08acc479d51714706e0058, type: 2}
      propertyPath: m_Color.b
      value: 0
      objectReference: {fileID: 0}
    - target: {fileID: 11490498, guid: a75ac80c4e08acc479d51714706e0058, type: 2}
      propertyPath: titlestring
      value: My Animated Splash
      objectReference: {fileID: 0}
    - target: {fileID: 125968, guid: a75ac80c4e08acc479d51714706e0058, type: 2}
      propertyPath: m_IsActive
      value: 0
      objectReference: {fileID: 0}
    - target: {fileID: 144828, guid: a75ac80c4e08acc479d51714706e0058, type: 2}
      propertyPath: m_IsActive
      value: 1
      objectReference: {fileID: 0}
    - target: {fileID: 22592936, guid: a75ac80c4e08acc479d51714706e0058, type: 2}
      propertyPath: m_Alpha
      value: 1
      objectReference: {fileID: 0}
    m_RemovedComponents: []
  m_ParentPrefab: {fileID: 100100000, guid: a75ac80c4e08acc479d51714706e0058, type: 2}
  m_RootGameObject: {fileID: 1880189504}
  m_IsPrefabParent: 0
--- !u!1 &1302669383
GameObject:
  m_ObjectHideFlags: 0
  m_PrefabParentObject: {fileID: 0}
  m_PrefabInternal: {fileID: 0}
  serializedVersion: 5
  m_Component:
  - component: {fileID: 1302669388}
  - component: {fileID: 1302669387}
  - component: {fileID: 1302669386}
  - component: {fileID: 1302669385}
  - component: {fileID: 1302669384}
  m_Layer: 0
  m_Name: Main Camera
  m_TagString: MainCamera
  m_Icon: {fileID: 0}
  m_NavMeshLayer: 0
  m_StaticEditorFlags: 0
  m_IsActive: 1
--- !u!81 &1302669384
AudioListener:
  m_ObjectHideFlags: 0
  m_PrefabParentObject: {fileID: 0}
  m_PrefabInternal: {fileID: 0}
  m_GameObject: {fileID: 1302669383}
  m_Enabled: 1
--- !u!124 &1302669385
Behaviour:
  m_ObjectHideFlags: 0
  m_PrefabParentObject: {fileID: 0}
  m_PrefabInternal: {fileID: 0}
  m_GameObject: {fileID: 1302669383}
  m_Enabled: 1
--- !u!92 &1302669386
Behaviour:
  m_ObjectHideFlags: 0
  m_PrefabParentObject: {fileID: 0}
  m_PrefabInternal: {fileID: 0}
  m_GameObject: {fileID: 1302669383}
  m_Enabled: 1
--- !u!20 &1302669387
Camera:
  m_ObjectHideFlags: 0
  m_PrefabParentObject: {fileID: 0}
  m_PrefabInternal: {fileID: 0}
  m_GameObject: {fileID: 1302669383}
  m_Enabled: 1
  serializedVersion: 2
  m_ClearFlags: 2
  m_BackGroundColor: {r: 1, g: 1, b: 1, a: 0.019607844}
  m_NormalizedViewPortRect:
    serializedVersion: 2
    x: 0
    y: 0
    width: 1
    height: 1
  near clip plane: 0.3
  far clip plane: 1000
  field of view: 60
  orthographic: 0
  orthographic size: 5
  m_Depth: -1
  m_CullingMask:
    serializedVersion: 2
    m_Bits: 4294967295
  m_RenderingPath: -1
  m_TargetTexture: {fileID: 0}
  m_TargetDisplay: 0
  m_TargetEye: 3
  m_HDR: 0
  m_AllowMSAA: 1
  m_AllowDynamicResolution: 0
  m_ForceIntoRT: 0
  m_OcclusionCulling: 1
  m_StereoConvergence: 10
  m_StereoSeparation: 0.022
--- !u!4 &1302669388
Transform:
  m_ObjectHideFlags: 0
  m_PrefabParentObject: {fileID: 0}
  m_PrefabInternal: {fileID: 0}
  m_GameObject: {fileID: 1302669383}
  m_LocalRotation: {x: 0, y: 0, z: 0, w: 1}
  m_LocalPosition: {x: 0, y: 1, z: -10}
  m_LocalScale: {x: 1, y: 1, z: 1}
  m_Children: []
  m_Father: {fileID: 0}
  m_RootOrder: 0
  m_LocalEulerAnglesHint: {x: 0, y: 0, z: 0}
--- !u!1 &1315279036
GameObject:
  m_ObjectHideFlags: 0
  m_PrefabParentObject: {fileID: 159060, guid: a75ac80c4e08acc479d51714706e0058, type: 2}
  m_PrefabInternal: {fileID: 1185206496}
  serializedVersion: 5
  m_Component:
  - component: {fileID: 1315279037}
  - component: {fileID: 1315279039}
  - component: {fileID: 1315279038}
  - component: {fileID: 1315279040}
  m_Layer: 5
  m_Name: bgBar
  m_TagString: Untagged
  m_Icon: {fileID: 0}
  m_NavMeshLayer: 0
  m_StaticEditorFlags: 0
  m_IsActive: 1
--- !u!224 &1315279037
RectTransform:
  m_ObjectHideFlags: 0
  m_PrefabParentObject: {fileID: 22436644, guid: a75ac80c4e08acc479d51714706e0058,
    type: 2}
  m_PrefabInternal: {fileID: 1185206496}
  m_GameObject: {fileID: 1315279036}
  m_LocalRotation: {x: 0, y: 0, z: 0, w: 1}
  m_LocalPosition: {x: 0, y: 0, z: 0}
  m_LocalScale: {x: 1, y: 1, z: 1}
  m_Children:
  - {fileID: 411057670}
  - {fileID: 1673008186}
  m_Father: {fileID: 1880189512}
  m_RootOrder: 1
  m_LocalEulerAnglesHint: {x: 0, y: 0, z: 0}
  m_AnchorMin: {x: 0, y: 0}
  m_AnchorMax: {x: 1, y: 0}
  m_AnchoredPosition: {x: 0, y: 0}
  m_SizeDelta: {x: 0, y: 25}
  m_Pivot: {x: 0.5, y: 0}
--- !u!114 &1315279038
MonoBehaviour:
  m_ObjectHideFlags: 0
  m_PrefabParentObject: {fileID: 11495746, guid: a75ac80c4e08acc479d51714706e0058,
    type: 2}
  m_PrefabInternal: {fileID: 1185206496}
  m_GameObject: {fileID: 1315279036}
  m_Enabled: 1
  m_EditorHideFlags: 0
  m_Script: {fileID: -765806418, guid: f5f67c52d1564df4a8936ccd202a3bd8, type: 3}
  m_Name: 
  m_EditorClassIdentifier: 
  m_Material: {fileID: 0}
  m_Color: {r: 0.5735294, g: 0.5735294, b: 0.5735294, a: 1}
  m_RaycastTarget: 1
  m_OnCullStateChanged:
    m_PersistentCalls:
      m_Calls: []
    m_TypeName: UnityEngine.UI.MaskableGraphic+CullStateChangedEvent, UnityEngine.UI,
      Version=1.0.0.0, Culture=neutral, PublicKeyToken=null
  m_Sprite: {fileID: 21300000, guid: 38f68586dd3a39342b976f4b0404d142, type: 3}
  m_Type: 0
  m_PreserveAspect: 0
  m_FillCenter: 1
  m_FillMethod: 4
  m_FillAmount: 1
  m_FillClockwise: 1
  m_FillOrigin: 0
--- !u!222 &1315279039
CanvasRenderer:
  m_ObjectHideFlags: 0
  m_PrefabParentObject: {fileID: 22278940, guid: a75ac80c4e08acc479d51714706e0058,
    type: 2}
  m_PrefabInternal: {fileID: 1185206496}
  m_GameObject: {fileID: 1315279036}
--- !u!111 &1315279040
Animation:
  m_ObjectHideFlags: 0
  m_PrefabParentObject: {fileID: 11149982, guid: a75ac80c4e08acc479d51714706e0058,
    type: 2}
  m_PrefabInternal: {fileID: 1185206496}
  m_GameObject: {fileID: 1315279036}
  m_Enabled: 1
  serializedVersion: 3
  m_Animation: {fileID: 7400000, guid: 8bdd76173b6c07a4b8df3267d9399b44, type: 2}
  m_Animations:
  - {fileID: 7400000, guid: 8bdd76173b6c07a4b8df3267d9399b44, type: 2}
  m_WrapMode: 0
  m_PlayAutomatically: 1
  m_AnimatePhysics: 0
  m_CullingType: 0
--- !u!1 &1595730513
GameObject:
  m_ObjectHideFlags: 0
  m_PrefabParentObject: {fileID: 186650, guid: a75ac80c4e08acc479d51714706e0058, type: 2}
  m_PrefabInternal: {fileID: 1185206496}
  serializedVersion: 5
  m_Component:
  - component: {fileID: 1595730514}
  - component: {fileID: 1595730516}
  - component: {fileID: 1595730515}
  m_Layer: 5
  m_Name: Icon
  m_TagString: Untagged
  m_Icon: {fileID: 0}
  m_NavMeshLayer: 0
  m_StaticEditorFlags: 0
  m_IsActive: 1
--- !u!224 &1595730514
RectTransform:
  m_ObjectHideFlags: 0
  m_PrefabParentObject: {fileID: 22493434, guid: a75ac80c4e08acc479d51714706e0058,
    type: 2}
  m_PrefabInternal: {fileID: 1185206496}
  m_GameObject: {fileID: 1595730513}
  m_LocalRotation: {x: 0, y: 0, z: 0, w: 1}
  m_LocalPosition: {x: 0, y: 0, z: 0}
  m_LocalScale: {x: 1, y: 1, z: 1}
  m_Children: []
  m_Father: {fileID: 1182115736}
  m_RootOrder: 0
  m_LocalEulerAnglesHint: {x: 0, y: 0, z: 0}
  m_AnchorMin: {x: 0, y: 0}
  m_AnchorMax: {x: 1, y: 1}
  m_AnchoredPosition: {x: 0, y: 0}
  m_SizeDelta: {x: 0, y: 0}
  m_Pivot: {x: 0.5, y: 0.5}
--- !u!114 &1595730515
MonoBehaviour:
  m_ObjectHideFlags: 0
  m_PrefabParentObject: {fileID: 11414700, guid: a75ac80c4e08acc479d51714706e0058,
    type: 2}
  m_PrefabInternal: {fileID: 1185206496}
  m_GameObject: {fileID: 1595730513}
  m_Enabled: 1
  m_EditorHideFlags: 0
  m_Script: {fileID: -765806418, guid: f5f67c52d1564df4a8936ccd202a3bd8, type: 3}
  m_Name: 
  m_EditorClassIdentifier: 
  m_Material: {fileID: 0}
  m_Color: {r: 1, g: 1, b: 1, a: 1}
  m_RaycastTarget: 0
  m_OnCullStateChanged:
    m_PersistentCalls:
      m_Calls: []
    m_TypeName: UnityEngine.UI.MaskableGraphic+CullStateChangedEvent, UnityEngine.UI,
      Version=1.0.0.0, Culture=neutral, PublicKeyToken=null
  m_Sprite: {fileID: 21300000, guid: 5022e558a3c16924799dce80e8a81d40, type: 3}
  m_Type: 3
  m_PreserveAspect: 1
  m_FillCenter: 1
  m_FillMethod: 1
  m_FillAmount: 1
  m_FillClockwise: 1
  m_FillOrigin: 0
--- !u!222 &1595730516
CanvasRenderer:
  m_ObjectHideFlags: 0
  m_PrefabParentObject: {fileID: 22269400, guid: a75ac80c4e08acc479d51714706e0058,
    type: 2}
  m_PrefabInternal: {fileID: 1185206496}
  m_GameObject: {fileID: 1595730513}
--- !u!1 &1673008185
GameObject:
  m_ObjectHideFlags: 0
  m_PrefabParentObject: {fileID: 195522, guid: a75ac80c4e08acc479d51714706e0058, type: 2}
  m_PrefabInternal: {fileID: 1185206496}
  serializedVersion: 5
  m_Component:
  - component: {fileID: 1673008186}
  - component: {fileID: 1673008188}
  - component: {fileID: 1673008187}
  m_Layer: 5
  m_Name: bar
  m_TagString: Untagged
  m_Icon: {fileID: 0}
  m_NavMeshLayer: 0
  m_StaticEditorFlags: 0
  m_IsActive: 1
--- !u!224 &1673008186
RectTransform:
  m_ObjectHideFlags: 0
  m_PrefabParentObject: {fileID: 22488532, guid: a75ac80c4e08acc479d51714706e0058,
    type: 2}
  m_PrefabInternal: {fileID: 1185206496}
  m_GameObject: {fileID: 1673008185}
  m_LocalRotation: {x: 0, y: 0, z: 0, w: 1}
  m_LocalPosition: {x: 0, y: 0, z: 0}
  m_LocalScale: {x: 1, y: 1, z: 1}
  m_Children: []
  m_Father: {fileID: 1315279037}
  m_RootOrder: 1
  m_LocalEulerAnglesHint: {x: 0, y: 0, z: 0}
  m_AnchorMin: {x: 0, y: 0}
  m_AnchorMax: {x: 1, y: 1}
  m_AnchoredPosition: {x: 0, y: 0.000015258789}
  m_SizeDelta: {x: 0, y: 0}
  m_Pivot: {x: 0.5, y: 0.5}
--- !u!114 &1673008187
MonoBehaviour:
  m_ObjectHideFlags: 0
  m_PrefabParentObject: {fileID: 11405590, guid: a75ac80c4e08acc479d51714706e0058,
    type: 2}
  m_PrefabInternal: {fileID: 1185206496}
  m_GameObject: {fileID: 1673008185}
  m_Enabled: 1
  m_EditorHideFlags: 0
  m_Script: {fileID: -765806418, guid: f5f67c52d1564df4a8936ccd202a3bd8, type: 3}
  m_Name: 
  m_EditorClassIdentifier: 
  m_Material: {fileID: 0}
  m_Color: {r: 0.47189477, g: 0.6102941, b: 0.37694636, a: 1}
  m_RaycastTarget: 1
  m_OnCullStateChanged:
    m_PersistentCalls:
      m_Calls: []
    m_TypeName: UnityEngine.UI.MaskableGraphic+CullStateChangedEvent, UnityEngine.UI,
      Version=1.0.0.0, Culture=neutral, PublicKeyToken=null
  m_Sprite: {fileID: 21300000, guid: 38f68586dd3a39342b976f4b0404d142, type: 3}
  m_Type: 3
  m_PreserveAspect: 0
  m_FillCenter: 1
  m_FillMethod: 0
  m_FillAmount: 0
  m_FillClockwise: 1
  m_FillOrigin: 0
--- !u!222 &1673008188
CanvasRenderer:
  m_ObjectHideFlags: 0
  m_PrefabParentObject: {fileID: 22201248, guid: a75ac80c4e08acc479d51714706e0058,
    type: 2}
  m_PrefabInternal: {fileID: 1185206496}
  m_GameObject: {fileID: 1673008185}
--- !u!1 &1708096188
GameObject:
  m_ObjectHideFlags: 0
  m_PrefabParentObject: {fileID: 128156, guid: a75ac80c4e08acc479d51714706e0058, type: 2}
  m_PrefabInternal: {fileID: 1185206496}
  serializedVersion: 5
  m_Component:
  - component: {fileID: 1708096189}
  - component: {fileID: 1708096191}
  - component: {fileID: 1708096190}
  m_Layer: 5
  m_Name: Icon
  m_TagString: Untagged
  m_Icon: {fileID: 0}
  m_NavMeshLayer: 0
  m_StaticEditorFlags: 0
  m_IsActive: 1
--- !u!224 &1708096189
RectTransform:
  m_ObjectHideFlags: 0
  m_PrefabParentObject: {fileID: 22485900, guid: a75ac80c4e08acc479d51714706e0058,
    type: 2}
  m_PrefabInternal: {fileID: 1185206496}
  m_GameObject: {fileID: 1708096188}
  m_LocalRotation: {x: 0, y: 0, z: 0, w: 1}
  m_LocalPosition: {x: 0, y: 0, z: 0}
  m_LocalScale: {x: 1, y: 1, z: 1}
  m_Children: []
  m_Father: {fileID: 122545866}
  m_RootOrder: 0
  m_LocalEulerAnglesHint: {x: 0, y: 0, z: 0}
  m_AnchorMin: {x: 0.5, y: 0.5}
  m_AnchorMax: {x: 0.5, y: 0.5}
  m_AnchoredPosition: {x: -0.000015258789, y: 0.000030517578}
  m_SizeDelta: {x: 250, y: 250}
  m_Pivot: {x: 0.5, y: 0.5}
--- !u!114 &1708096190
MonoBehaviour:
  m_ObjectHideFlags: 0
  m_PrefabParentObject: {fileID: 11443968, guid: a75ac80c4e08acc479d51714706e0058,
    type: 2}
  m_PrefabInternal: {fileID: 1185206496}
  m_GameObject: {fileID: 1708096188}
  m_Enabled: 1
  m_EditorHideFlags: 0
  m_Script: {fileID: -765806418, guid: f5f67c52d1564df4a8936ccd202a3bd8, type: 3}
  m_Name: 
  m_EditorClassIdentifier: 
  m_Material: {fileID: 0}
  m_Color: {r: 1, g: 1, b: 1, a: 1}
  m_RaycastTarget: 0
  m_OnCullStateChanged:
    m_PersistentCalls:
      m_Calls: []
    m_TypeName: UnityEngine.UI.MaskableGraphic+CullStateChangedEvent, UnityEngine.UI,
      Version=1.0.0.0, Culture=neutral, PublicKeyToken=null
  m_Sprite: {fileID: 21300000, guid: 13594359167f9ad41b3b822cd1d42f1a, type: 3}
  m_Type: 0
  m_PreserveAspect: 1
  m_FillCenter: 1
  m_FillMethod: 4
  m_FillAmount: 1
  m_FillClockwise: 1
  m_FillOrigin: 0
--- !u!222 &1708096191
CanvasRenderer:
  m_ObjectHideFlags: 0
  m_PrefabParentObject: {fileID: 22299938, guid: a75ac80c4e08acc479d51714706e0058,
    type: 2}
  m_PrefabInternal: {fileID: 1185206496}
  m_GameObject: {fileID: 1708096188}
--- !u!1 &1880189504
GameObject:
  m_ObjectHideFlags: 0
  m_PrefabParentObject: {fileID: 194972, guid: a75ac80c4e08acc479d51714706e0058, type: 2}
  m_PrefabInternal: {fileID: 1185206496}
  serializedVersion: 5
  m_Component:
  - component: {fileID: 1880189512}
  - component: {fileID: 1880189511}
  - component: {fileID: 1880189510}
  - component: {fileID: 1880189509}
  - component: {fileID: 1880189508}
  - component: {fileID: 1880189507}
  - component: {fileID: 1880189506}
  - component: {fileID: 1880189505}
  m_Layer: 5
  m_Name: SceneLoader
  m_TagString: Untagged
  m_Icon: {fileID: 0}
  m_NavMeshLayer: 0
  m_StaticEditorFlags: 0
  m_IsActive: 1
--- !u!95 &1880189505
Animator:
  serializedVersion: 3
  m_ObjectHideFlags: 0
  m_PrefabParentObject: {fileID: 9565326, guid: a75ac80c4e08acc479d51714706e0058,
    type: 2}
  m_PrefabInternal: {fileID: 1185206496}
  m_GameObject: {fileID: 1880189504}
  m_Enabled: 1
  m_Avatar: {fileID: 0}
  m_Controller: {fileID: 9100000, guid: 086ad03984e2674478cf035f037fd39a, type: 2}
  m_CullingMode: 0
  m_UpdateMode: 0
  m_ApplyRootMotion: 0
  m_LinearVelocityBlending: 0
  m_WarningMessage: 
  m_HasTransformHierarchy: 1
  m_AllowConstantClipSamplingOptimization: 1
--- !u!114 &1880189506
MonoBehaviour:
  m_ObjectHideFlags: 0
  m_PrefabParentObject: {fileID: 11490498, guid: a75ac80c4e08acc479d51714706e0058,
    type: 2}
  m_PrefabInternal: {fileID: 1185206496}
  m_GameObject: {fileID: 1880189504}
  m_Enabled: 1
  m_EditorHideFlags: 0
  m_Script: {fileID: 11500000, guid: a79ece64e75dc1b428fa0be44c7101f9, type: 3}
  m_Name: 
  m_EditorClassIdentifier: 
  delayLoading: 2.5
  sceneToLoad: 1-Scene
  bgColor: {r: 0, g: 0.8758622, b: 1, a: 1}
  titlestring: My Animated Splash
  animID: 1
  _anim: {fileID: 1880189505}
  loader: {fileID: 1315279040}
  percText: {fileID: 411057668}
  titleText: {fileID: 1001737147}
  bgImg: {fileID: 213133451}
--- !u!114 &1880189507
MonoBehaviour:
  m_ObjectHideFlags: 0
  m_PrefabParentObject: {fileID: 11402828, guid: a75ac80c4e08acc479d51714706e0058,
    type: 2}
  m_PrefabInternal: {fileID: 1185206496}
  m_GameObject: {fileID: 1880189504}
  m_Enabled: 1
  m_EditorHideFlags: 0
  m_Script: {fileID: -765806418, guid: f5f67c52d1564df4a8936ccd202a3bd8, type: 3}
  m_Name: 
  m_EditorClassIdentifier: 
  m_Material: {fileID: 0}
  m_Color: {r: 0.8455882, g: 0.8455882, b: 0.8455882, a: 1}
  m_RaycastTarget: 1
  m_OnCullStateChanged:
    m_PersistentCalls:
      m_Calls: []
    m_TypeName: UnityEngine.UI.MaskableGraphic+CullStateChangedEvent, UnityEngine.UI,
      Version=1.0.0.0, Culture=neutral, PublicKeyToken=null
  m_Sprite: {fileID: 0}
  m_Type: 0
  m_PreserveAspect: 0
  m_FillCenter: 1
  m_FillMethod: 4
  m_FillAmount: 1
  m_FillClockwise: 1
  m_FillOrigin: 0
--- !u!222 &1880189508
CanvasRenderer:
  m_ObjectHideFlags: 0
  m_PrefabParentObject: {fileID: 22238598, guid: a75ac80c4e08acc479d51714706e0058,
    type: 2}
  m_PrefabInternal: {fileID: 1185206496}
  m_GameObject: {fileID: 1880189504}
--- !u!114 &1880189509
MonoBehaviour:
  m_ObjectHideFlags: 0
  m_PrefabParentObject: {fileID: 11475100, guid: a75ac80c4e08acc479d51714706e0058,
    type: 2}
  m_PrefabInternal: {fileID: 1185206496}
  m_GameObject: {fileID: 1880189504}
  m_Enabled: 1
  m_EditorHideFlags: 0
  m_Script: {fileID: 1301386320, guid: f5f67c52d1564df4a8936ccd202a3bd8, type: 3}
  m_Name: 
  m_EditorClassIdentifier: 
  m_IgnoreReversedGraphics: 1
  m_BlockingObjects: 0
  m_BlockingMask:
    serializedVersion: 2
    m_Bits: 4294967295
--- !u!114 &1880189510
MonoBehaviour:
  m_ObjectHideFlags: 0
  m_PrefabParentObject: {fileID: 11498058, guid: a75ac80c4e08acc479d51714706e0058,
    type: 2}
  m_PrefabInternal: {fileID: 1185206496}
  m_GameObject: {fileID: 1880189504}
  m_Enabled: 1
  m_EditorHideFlags: 0
  m_Script: {fileID: 1980459831, guid: f5f67c52d1564df4a8936ccd202a3bd8, type: 3}
  m_Name: 
  m_EditorClassIdentifier: 
  m_UiScaleMode: 1
  m_ReferencePixelsPerUnit: 100
  m_ScaleFactor: 1
  m_ReferenceResolution: {x: 800, y: 600}
  m_ScreenMatchMode: 0
  m_MatchWidthOrHeight: 0.5
  m_PhysicalUnit: 3
  m_FallbackScreenDPI: 96
  m_DefaultSpriteDPI: 96
  m_DynamicPixelsPerUnit: 1
--- !u!223 &1880189511
Canvas:
  m_ObjectHideFlags: 0
  m_PrefabParentObject: {fileID: 22366318, guid: a75ac80c4e08acc479d51714706e0058,
    type: 2}
  m_PrefabInternal: {fileID: 1185206496}
  m_GameObject: {fileID: 1880189504}
  m_Enabled: 1
  serializedVersion: 3
  m_RenderMode: 0
  m_Camera: {fileID: 0}
  m_PlaneDistance: 100
  m_PixelPerfect: 0
  m_ReceivesEvents: 1
  m_OverrideSorting: 0
  m_OverridePixelPerfect: 0
  m_SortingBucketNormalizedSize: 0
  m_AdditionalShaderChannelsFlag: 25
  m_SortingLayerID: 0
  m_SortingOrder: 100
  m_TargetDisplay: 0
--- !u!224 &1880189512
RectTransform:
  m_ObjectHideFlags: 0
  m_PrefabParentObject: {fileID: 22417864, guid: a75ac80c4e08acc479d51714706e0058,
    type: 2}
  m_PrefabInternal: {fileID: 1185206496}
  m_GameObject: {fileID: 1880189504}
  m_LocalRotation: {x: 0, y: 0, z: 0, w: 1}
  m_LocalPosition: {x: 0, y: 0, z: 0}
  m_LocalScale: {x: 0, y: 0, z: 0}
  m_Children:
  - {fileID: 213133453}
  - {fileID: 1315279037}
  - {fileID: 1001737149}
  - {fileID: 122545866}
  - {fileID: 1182115736}
  m_Father: {fileID: 0}
  m_RootOrder: 1
  m_LocalEulerAnglesHint: {x: 0, y: 0, z: 0}
  m_AnchorMin: {x: 0, y: 0}
  m_AnchorMax: {x: 0, y: 0}
  m_AnchoredPosition: {x: 0, y: 0}
  m_SizeDelta: {x: 0, y: 0}
  m_Pivot: {x: 0, y: 0}
